@article{test2014,
author = {A. Auteur},
journal = {Journal},
title = {{Titre}},
year = {2014}
}